%%% -- Examples -- %%%

@book{alderliesten2011,
  author	= "R.C. Alderliesten",
  title		= "Introduction to Aerospace Engineering - Structures and Materials",
  year		= "2011",
  publisher = "Delft University of Technology",
  address	= "Delft, The Netherlands",
}

@misc{Noomen2017,
  author	= "Ron Noomen",
  title		= "Introduction to Aerospace Engineering II - Space -- Lecture Series",
  year		= "2017",
  publisher = "Delft University of Technology",
  address	= "Delft, The Netherlands",
}

@Article{Halekas2015,
author="Halekas, J. S.
and Taylor, E. R.
and Dalton, G.
and Johnson, G.
and Curtis, D. W.
and McFadden, J. P.
and Mitchell, D. L.
and Lin, R. P.
and Jakosky, B. M.",
title="The Solar Wind Ion Analyzer for MAVEN",
journal="Space Science Reviews",
year="2015",
month="Dec",
day="01",
volume="195",
number="1",
pages="125--151",
issn="1572-9672",

}

@misc{RTG,
  author	= "B. Johnson",
  title		= "Power Sources for Space Exploration",
  year      = "2012",
  URL	    = "http://large.stanford.edu/courses/2012/ph240/johnson1/",
  note      = "Accessed: 18-10-2017",
}

@book{hendrix70,
  author	= "Hendrix, Jimi and Morrison, James and Cobain, Kurt",
  title		= "Club 27",
  year		= "1970",
  publisher = "N/A",
  address	= "USA",
}
